@inproceedings{DBLP:conf/iclr/LiSBS20,
  author    = {Tian Li and
               Maziar Sanjabi and
               Ahmad Beirami and
               Virginia Smith},
  title     = {Fair Resource Allocation in Federated Learning},
  booktitle = {8th International Conference on Learning Representations, {ICLR} 2020,
               Addis Ababa, Ethiopia, April 26-30, 2020},
  year      = {2020},
}

@inproceedings{DBLP:conf/aistats/McMahanMRHA17,
  author    = {Brendan McMahan and
               Eider Moore and
               Daniel Ramage and
               Seth Hampson and
               Blaise Ag{\"{u}}era y Arcas},
  editor    = {Aarti Singh and
               Xiaojin (Jerry) Zhu},
  title     = {Communication-Efficient Learning of Deep Networks from Decentralized
               Data},
  booktitle = {Proceedings of the 20th International Conference on Artificial Intelligence and Statistics, {AISTATS} 2017, 20-22 April 2017, Fort Lauderdale,
  FL, {USA}},
  series    = {Proceedings of Machine Learning Research},
  volume    = {54},
  pages     = {1273--1282},
  publisher = {{PMLR}},
  year      = {2017},
}

@article{DBLP:journals/corr/abs-1810-13166,
  author    = {Natalia D{\'{\i}}az Rodr{\'{\i}}guez and
               Vincenzo Lomonaco and
               David Filliat and
               Davide Maltoni},
  title     = {Don't forget, there is more than forgetting: new metrics for Continual
               Learning},
  journal   = {CoRR},
  volume    = {abs/1810.13166},
  year      = {2018},
}

@inproceedings{DBLP:conf/nips/Lopez-PazR17,
  author    = {David Lopez{-}Paz and
               Marc'Aurelio Ranzato},
  editor    = {Isabelle Guyon and
               Ulrike von Luxburg and
               Samy Bengio and
               Hanna M. Wallach and
               Rob Fergus and
               S. V. N. Vishwanathan and
               Roman Garnett},
  title     = {Gradient Episodic Memory for Continual Learning},
  booktitle = {Advances in Neural Information Processing Systems 30: Annual Conference
               on Neural Information Processing Systems 2017, December 4-9, 2017,
               Long Beach, CA, {USA}},
  pages     = {6467--6476},
  year      = {2017},
}
